@misc{BbalRef,
    note = {Sports Reference LLC. Basketball-Reference.com - Basketball Statistics and History. \url{https://www.basketball-reference.com/}}
}
@misc{VegasOdds,
    note = {Salah, AJ. “\emph{2024 NBA Defensive Player of the Year Odds - Gobert Huge Favorite}.” Covers, 17 Apr. 2024. \url{https://www.covers.com/nba/nba-defensive-player-of-the-year-odds}}
}